@article{byvatov2003comparison,
  title={Comparison of support vector machine and artificial neural network systems for drug/nondrug classification},
  author={Byvatov, Evgeny and Fechner, Uli and Sadowski, Jens and Schneider, Gisbert},
  journal={Journal of Chemical Information and Computer Sciences},
  volume={43},
  number={6},
  pages={1882--1889},
  year={2003},
  publisher={ACS Publications}
}
@article{chang2011libsvm,
  title={LIBSVM: a library for support vector machines},
  author={Chang, Chih-Chung and Lin, Chih-Jen},
  journal={ACM Transactions on Intelligent Systems and Technology (TIST)},
  volume={2},
  number={3},
  pages={27},
  year={2011},
  publisher={ACM}
}
@inproceedings{smith2008decision,
  title={Decision support tool for predicting aircraft arrival rates, ground delay programs, and airport delays from weather forcasts},
  author={Smith, David A and Sherry, Lance and Donohue, G},
  booktitle={International Conference on Research in Air Transportation (ICRAT-2008)},
  year={2008}
}

